@article{hu2020multi,
  title={Multi-label feature selection with shared common mode},
  author={Hu, Liang and Li, Yonghao and Gao, Wanfu and Zhang, Ping and Hu, Juncheng},
  journal={Pattern Recognition},
  volume={104},
  pages={107344},
  year={2020},
  publisher={Elsevier}
}

@article{huang2017joint,
  title={Joint feature selection and classification for multilabel learning},
  author={Huang, Jun and Li, Guorong and Huang, Qingming and Wu, Xindong},
  journal={IEEE transactions on cybernetics},
  volume={48},
  number={3},
  pages={876--889},
  year={2017},
  publisher={IEEE}
}

@article{zhu2018multi,
  title={Multi-label feature selection with missing labels},
  author={Zhu, Pengfei and Xu, Qian and Hu, Qinghua and Zhang, Changqing and Zhao, Hong},
  journal={Pattern Recognition},
  volume={74},
  pages={488--502},
  year={2018},
  publisher={Elsevier}
}

@article{tang2016toward,
  title={Toward optimal feature selection in naive Bayes for text categorization},
  author={Tang, Bo and Kay, Steven and He, Haibo},
  journal={IEEE transactions on knowledge and data engineering},
  volume={28},
  number={9},
  pages={2508--2521},
  year={2016},
  publisher={IEEE}
}

@article{hong2013image,
  title={Image annotation by multiple-instance learning with discriminative feature mapping and selection},
  author={Hong, Richang and Wang, Meng and Gao, Yue and Tao, Dacheng and Li, Xuelong and Wu, Xindong},
  journal={IEEE transactions on cybernetics},
  volume={44},
  number={5},
  pages={669--680},
  year={2013},
  publisher={IEEE}
}

@inproceedings{wang2008building,
  title={Building semantic kernels for text classification using wikipedia},
  author={Wang, Pu and Domeniconi, Carlotta},
  booktitle={ACM SIGKDD international conference on Knowledge discovery and data mining},
  pages={713--721},
  year={2008}
}

@article{trohidis2008multi,
	author = {Trohidis, Konstantinos and Tsoumakas, Grigorios and Kalliris, George and Vlahavas, Ioannis},
	title = {{Multi-label classification of music by emotion}},
	journal = {EURASIP Journal on Audio, Speech, and Music Processing},
	volume = {2011},
	number = {1},
	pages = {1--9},
	year = {2011}
}

@inproceedings{jian2016multi,
author = {Jian, Ling and Li, Jundong and Shu, Kai and Liu, Huan},
title = {Multi-Label Informed Feature Selection},
year = {2016},
booktitle = {Proceedings of the Twenty-Fifth International Joint Conference on Artificial Intelligence},
pages = {1627â€“-1633},
}

@article{zhou2018brief,
  title={A brief introduction to weakly supervised learning},
  author={Zhou, Zhi-Hua},
  journal={National science review},
  volume={5},
  number={1},
  pages={44--53},
  year={2018},
  publisher={Oxford University Press}
}

@article{furnkranz2008multilabel,
  title={Multilabel classification via calibrated label ranking},
  author={F{\"u}rnkranz, Johannes and H{\"u}llermeier, Eyke and Loza Menc{\'\i}a, Eneldo and Brinker, Klaus},
  journal={Machine learning},
  volume={73},
  pages={133--153},
  year={2008},
  publisher={Springer}
}

@inproceedings{ji2008extracting,
  title={Extracting shared subspace for multi-label classification},
  author={Ji, Shuiwang and Tang, Lei and Yu, Shipeng and Ye, Jieping},
  booktitle={Proceedings of the 14th ACM SIGKDD international conference on Knowledge discovery and data mining},
  pages={381--389},
  year={2008}
}

@article{read2011classifier,
  title={Classifier chains for multi-label classification},
  author={Read, Jesse and Pfahringer, Bernhard and Holmes, Geoff and Frank, Eibe},
  journal={Machine learning},
  volume={85},
  pages={333--359},
  year={2011},
  publisher={Springer}
}

@inproceedings{huang2012multi,
  title={Multi-label learning by exploiting label correlations locally},
  author={Huang, Sheng-Jun and Zhou, Zhi-Hua},
  booktitle={Proceedings of the AAAI Conference on Artificial Intelligence},
  volume={26},
  number={1},
  pages={949--955},
  year={2012}
}

@article{weng2018multi,
  title={Multi-label learning based on label-specific features and local pairwise label correlation},
  author={Weng, Wei and Lin, Yaojin and Wu, Shunxiang and Li, Yuwen and Kang, Yun},
  journal={Neurocomputing},
  volume={273},
  pages={385--394},
  year={2018},
  publisher={Elsevier}
}


@article{lin2015multi,
  title={Multi-label feature selection based on max-dependency and min-redundancy},
  author={Lin, Yaojin and Hu, Qinghua and Liu, Jinghua and Duan, Jie},
  journal={Neurocomputing},
  volume={168},
  pages={92--103},
  year={2015},
  publisher={Elsevier}
}

@article{lee2017scls,
  title={SCLS: Multi-label feature selection based on scalable criterion for large label set},
  author={Lee, Jaesung and Kim, Dae-Won},
  journal={Pattern Recognition},
  volume={66},
  pages={342--352},
  year={2017},
  publisher={Elsevier}
}

@article{zhang2019distinguishing,
  title={Distinguishing two types of labels for multi-label feature selection},
  author={Zhang, Ping and Liu, Guixia and Gao, Wanfu},
  journal={Pattern Recognition},
  volume={95},
  pages={72--82},
  year={2019},
  publisher={Elsevier}
}

@inproceedings{braytee2017multi,
  title={Multi-label feature selection using correlation information},
  author={Braytee, Ali and Liu, Wei and Catchpoole, Daniel R and Kennedy, Paul J},
  booktitle={Proceedings of the 2017 ACM on Conference on Information and Knowledge Management},
  pages={1649--1656},
  year={2017}
}

@article{gao2021multilabel,
  author={Gao, Wanfu and Li, Yonghao and Hu, Liang},
  journal={IEEE Transactions on Neural Networks and Learning Systems}, 
  title={Multilabel Feature Selection With Constrained Latent Structure Shared Term}, 
  year={2023},
  volume={34},
  number={3},
  pages={1253-1262}}


@article{huang2021multi,
  title={Multi-label feature selection via manifold regularization and dependence maximization},
  author={Huang, Rui and Wu, Zhejun},
  journal={Pattern Recognition},
  volume={120},
  pages={108149},
  year={2021},
  publisher={Elsevier}
}

@article{fan2021manifold,
  title={Manifold learning with structured subspace for multi-label feature selection},
  author={Fan, Yuling and Liu, Jinghua and Liu, Peizhong and Du, Yongzhao and Lan, Weiyao and Wu, Shunxiang},
  journal={Pattern Recognition},
  volume={120},
  pages={108169},
  year={2021},
  publisher={Elsevier}
}

@article{fan2021multi,
  title={Multi-label feature selection with local discriminant model and label correlations},
  author={Fan, Yuling and Liu, Jinghua and Weng, Wei and Chen, Baihua and Chen, Yannan and Wu, Shunxiang},
  journal={Neurocomputing},
  volume={442},
  pages={98--115},
  year={2021},
  publisher={Elsevier}
}

@article{zhang2022non,
  title={Non-negative multi-label feature selection with dynamic graph constraints},
  author={Zhang, Yao and Ma, Yingcang},
  journal={Knowledge-Based Systems},
  volume={238},
  pages={107924},
  year={2022},
  publisher={Elsevier}
}

@article{zhu2017multi,
  title={Multi-label learning with global and local label correlation},
  author={Zhu, Yue and Kwok, James T and Zhou, Zhi-Hua},
  journal={IEEE Transactions on Knowledge and Data Engineering},
  volume={30},
  number={6},
  pages={1081--1094},
  year={2017},
  publisher={IEEE}
}

@article{zhao2022learning,
  title={Learning multi-label label-specific features via global and local label correlations},
  author={Zhao, Dawei and Gao, Qingwei and Lu, Yixiang and Sun, Dong},
  journal={Soft Computing},
  volume={26},
  number={5},
  pages={2225--2239},
  year={2022},
  publisher={Springer}
}

@article{kumar2022low,
  title={Low rank label subspace transformation for multi-label learning with missing labels},
  author={Kumar, Sanjay and Rastogi, Reshma},
  journal={Information Sciences},
  volume={596},
  pages={53--72},
  year={2022},
  publisher={Elsevier}
}

@article{liu2018online,
  title={Online multi-label group feature selection},
  author={Liu, Jinghua and Lin, Yaojin and Wu, Shunxiang and Wang, Chenxi},
  journal={Knowledge-Based Systems},
  volume={143},
  pages={42--57},
  year={2018},
  publisher={Elsevier}
}
@article{liu2018onlinee,
  title={Online multi-label streaming feature selection based on neighborhood rough set},
  author={Liu, Jinghua and Lin, Yaojin and Li, Yuwen and Weng, Wei and Wu, Shunxiang},
  journal={Pattern Recognition},
  volume={84},
  pages={273--287},
  year={2018},
  publisher={Elsevier}
}

@article{zhang2019manifold,
  title={Manifold regularized discriminative feature selection for multi-label learning},
  author={Zhang, Jia and Luo, Zhiming and Li, Candong and Zhou, Changen and Li, Shaozi},
  journal={Pattern Recognition},
  volume={95},
  pages={136--150},
  year={2019},
  publisher={Elsevier}
}

@article{doquire2013mutual,
  title={Mutual information-based feature selection for multilabel classification},
  author={Doquire, Gauthier and Verleysen, Michel},
  journal={Neurocomputing},
  volume={122},
  pages={148--155},
  year={2013},
  publisher={Elsevier}
}

@article{zhang2007ml,
  title={ML-KNN: A lazy learning approach to multi-label learning},
  author={Zhang, Min-Ling and Zhou, Zhi-Hua},
  journal={Pattern recognition},
  volume={40},
  number={7},
  pages={2038--2048},
  year={2007},
  publisher={Elsevier}
}

@article{bogaert2019evaluating,
  title={Evaluating multi-label classifiers and recommender systems in the financial service sector},
  author={Bogaert, Matthias and Lootens, Justine and Van den Poel, Dirk and Ballings, Michel},
  journal={European Journal of Operational Research},
  volume={279},
  number={2},
  pages={620--634},
  year={2019},
  publisher={Elsevier}
}

@article{gao2018class,
  title={Class-specific mutual information variation for feature selection},
  author={Gao, Wanfu and Hu, Liang and Zhang, Ping},
  journal={Pattern Recognition},
  volume={79},
  pages={328--339},
  year={2018},
  publisher={Elsevier}
}

@article{li2017granular,
  title={Granular multi-label feature selection based on mutual information},
  author={Li, Feng and Miao, Duoqian and Pedrycz, Witold},
  journal={Pattern Recognition},
  volume={67},
  pages={410--423},
  year={2017},
  publisher={Elsevier}
}

@article{lin2017streaming,
  title={Streaming feature selection for multilabel learning based on fuzzy mutual information},
  author={Lin, Yaojin and Hu, Qinghua and Liu, Jinghua and Li, Jinjin and Wu, Xindong},
  journal={IEEE Transactions on Fuzzy Systems},
  volume={25},
  number={6},
  pages={1491--1507},
  year={2017},
  publisher={IEEE}
}

@article{cai2010graph,
  title={Graph regularized nonnegative matrix factorization for data representation},
  author={Cai, Deng and He, Xiaofei and Han, Jiawei and Huang, Thomas S},
  journal={IEEE transactions on pattern analysis and machine intelligence},
  volume={33},
  number={8},
  pages={1548--1560},
  year={2010},
  publisher={IEEE}
}

@article{subramanian2005gene,
  title={Gene set enrichment analysis: a knowledge-based approach for interpreting genome-wide expression profiles},
  author={Subramanian, Aravind and Tamayo, Pablo and Mootha, Vamsi K and Mukherjee, Sayan and Ebert, Benjamin L and Gillette, Michael A and Paulovich, Amanda and Pomeroy, Scott L and Golub, Todd R and Lander, Eric S and others},
  journal={Proceedings of the National Academy of Sciences},
  volume={102},
  number={43},
  pages={15545--15550},
  year={2005},
  publisher={National Acad Sciences}
}

@article{chuang2007network,
  title={Network-based classification of breast cancer metastasis},
  author={Chuang, Han-Yu and Lee, Eunjung and Liu, Yu-Tsueng and Lee, Doheon and Ideker, Trey},
  journal={Molecular systems biology},
  volume={3},
  number={1},
  pages={140},
  year={2007},
  publisher={John Wiley \& Sons, Ltd Chichester, UK}
}

@inproceedings{NIPS2010_09c6c378,
 author = {Nie, Feiping and Huang, Heng and Cai, Xiao and Ding, Chris},
 booktitle = {Advances in Neural Information Processing Systems},
 pages={1813--1821},
 title = {Efficient and Robust Feature Selection via Joint {l}2,1-Norms Minimization},
 volume = {23},
 year = {2010}
}

@inproceedings{cai2013exact,
author = {Cai, Xiao and Nie, Feiping and Huang, Heng},
title = {Exact Top-k Feature Selection via L2,0-Norm Constraint},
year = {2013},
isbn = {9781577356332},
booktitle = {PInternational Joint Conference on Artificial Intelligence},
pages = {1240â€“1246},
}

@inproceedings{seyedi2019self,
  title={Self-paced multi-label learning with diversity},
  author={Seyedi, Seyed Amjad and Ghodsi, S Siamak and Akhlaghian, Fardin and Jalili, Mahdi and Moradi, Parham},
  booktitle={Asian Conference on Machine Learning},
  pages={790--805},
  year={2019},
  organization={PMLR}
}

@article{salahian2023deep,
  title={Deep Autoencoder-like NMF with Contrastive Regularization and Feature Relationship Preservation},
  author={Salahian, Navid and Tab, Fardin Akhlaghian and Seyedi, Seyed Amjad and Chavoshinejad, Jovan},
  journal={Expert Systems with Applications},
  volume={214},
  pages={119051},
  year={2023},
  publisher={Elsevier}
}

@ARTICLE{6471714,
  author={Zhang, Min-Ling and Zhou, Zhi-Hua},
  journal={IEEE Transactions on Knowledge and Data Engineering}, 
  title={A Review on Multi-Label Learning Algorithms}, 
  year={2014},
  volume={26},
  number={8},
  pages={1819-1837},
}

@article{lee1999learning,
  title={Learning the parts of objects by non-negative matrix factorization},
  author={Lee, Daniel D and Seung, H Sebastian},
  journal={Nature},
  volume={401},
  number={6755},
  pages={788--791},
  year={1999},
  publisher={Nature Publishing Group UK London}
}

@article{SALAHIAN2023119051,
title = {Deep Autoencoder-like NMF with Contrastive Regularization and Feature Relationship Preservation},
journal = {Expert Systems with Applications},
volume = {214},
pages = {119051},
year = {2023},
issn = {0957-4174},
author = {Navid Salahian and Fardin Akhlaghian Tab and Seyed Amjad Seyedi and Jovan Chavoshinejad},
}

@article{SEYEDI2023562,
title = {Elastic adversarial deep nonnegative matrix factorization for matrix completion},
journal = {Information Sciences},
volume = {621},
pages = {562-579},
year = {2023},
issn = {0020-0255},
author = {Seyed Amjad Seyedi and Fardin {Akhlaghian Tab} and Abdulrahman Lotfi and Navid Salahian and Jovan Chavoshinejad},
}

@article{CHAVOSHINEJAD2023109282,
title = {Self-supervised semi-supervised nonnegative matrix factorization for data clustering},
journal = {Pattern Recognition},
volume = {137},
pages = {109282},
year = {2023},
issn = {0031-3203},
author = {Jovan Chavoshinejad and Seyed Amjad Seyedi and Fardin {Akhlaghian Tab} and Navid Salahian},
}

@INPROCEEDINGS{8324084,

  author={Seyedi, Seyed Amjad and Moradi, Parham and Tab, Fardin Akhlaghian},

  booktitle={2017 Artificial Intelligence and Signal Processing Conference (AISP)}, 

  title={A weakly-supervised factorization method with dynamic graph embedding}, 

  year={2017},

  volume={},

  number={},

  pages={213-218},
}

@INPROCEEDINGS{7985435,

  author={Shajarian, Zahra and Seyedi, Seyed Amjad and Moradi, Parham},

  booktitle={2017 Iranian Conference on Electrical Engineering (ICEE)}, 

  title={A clustering-based matrix factorization method to improve the accuracy of recommendation systems}, 

  year={2017},

  volume={},

  number={},

  pages={2241-2246}
}

@INPROCEEDINGS{9303649,

  author={Abdollahi, Reyhaneh and Amjad Seyedi, Seyed and Reza Noorimehr, Mohamad},

  booktitle={2020 10th International Conference on Computer and Knowledge Engineering (ICCKE)}, 

  title={Asymmetric Semi-Nonnegative Matrix Factorization for Directed Graph Clustering}, 

  year={2020},

  volume={},

  number={},

  pages={323-328}}
  
  @article{xie2021unsupervised,
  title={The unsupervised feature selection algorithms based on standard deviation and cosine similarity for genomic data analysis},
  author={Xie, Juanying and Wang, Mingzhao and Xu, Shengquan and Huang, Zhao and Grant, Philip W},
  journal={Frontiers in Genetics},
  volume={12},
  pages={684100},
  year={2021},
  publisher={Frontiers Media SA}
}
